@misc{thelaw,
title = "Федеральный закон от 27.12.2002 N 184-ФЗ (ред. от 29.07.2017) О техническом регулировании"
}

@misc{mi1,
title = "МИ 2891-2004 ГСИ. Общие требования к программному обеспечению средств измерений"
}

@misc{mi2,
title = "МИ 2955-2005 Типовая методика аттестации программного обеспечения средств измерений и порядок ее проведения"
}

@misc{gost8596,
title = "ГОСТ Р 8.596-2002 Государственная система обеспечения единства измерений (ГСИ). Метрологическое обеспечение измерительных систем. Основные положения"
}

@misc{welmec,
title = "WELMEC 7.2 Software Guide (Measuring Instruments Directive 2004/22/EC)"
}

@misc{stdlaw,
title = "Федеральный закон от 29.06.2015 N 162-ФЗ О стандартизации"
}

@online{certschemes,
title = "Схемы сертификации",
url = "https://www.cert-group.ru/informatsiya/skhemy-sertifikatsii/",
urldate = "2018-04-13"
}

@book{kazarin,
title = "Безопасность программного обеспечения компьютерных систем. Монография.",
author = "Казарин, О. В.",
address = "М.",
publisher = "МГУЛ",
date = "2003",
pagetotal = "212",
language = "russian"
}

@online{ano,
title = "Сертификация программного обеспечения",
url = "http://gametest.ru/index.php?option=com_content&view=article&id=32:2011-11-21-10-28-10&catid=16:2011-09-22-13-44-43&Itemid=24",
urldate = "2018-04-13"
}

@misc{gostver,
title = "ГОСТ Р 51904-2002 Программное обеспечение встроенных систем. Общие требования к разработке и документированию, гл. 8. Процесс верификации ПО"
}

@online{isodesc,
title = "ISO 9000 — Википедия",
url = "https://ru.wikipedia.org/wiki/ISO_9000",
urldate = "2018-04-13"
}
